<?xml version="1.0" encoding="UTF-8" ?><marc:collection xmlns:marc="http://www.loc.gov/MARC21/slim" xmlns:xsi="http://www.w3.org/2001/XMLSchema-instance" xsi:schemaLocation="http://www.loc.gov/MARC21/slim http://www.loc.gov/standards/marcxml/schema/MARC21slim.xsd">
<marc:record><marc:leader>01354 km a2200277 a 4500</marc:leader>
<marc:controlfield tag="007">cr            </marc:controlfield>
<marc:controlfield tag="008">150305suuuu    xx                kn     </marc:controlfield><marc:datafield tag="040" ind1=" " ind2=" "><marc:subfield code="e">RDA ENRICHED</marc:subfield></marc:datafield><marc:datafield tag="089" ind1=" " ind2=" "><marc:subfield code="a">L0070288</marc:subfield></marc:datafield><marc:datafield tag="245" ind1="0" ind2="0"><marc:subfield code="a">Kusōzu - the death of a noble lady and the decay of her body.</marc:subfield><marc:subfield code="n">1,</marc:subfield><marc:subfield code="p">Stage 0, pre-death portrait.</marc:subfield></marc:datafield><marc:datafield tag="336" ind1=" " ind2=" "><marc:subfield code="a">still image</marc:subfield><marc:subfield code="b">sti</marc:subfield><marc:subfield code="2">rdacontent</marc:subfield></marc:datafield><marc:datafield tag="337" ind1=" " ind2=" "><marc:subfield code="a">computer</marc:subfield><marc:subfield code="b">c</marc:subfield><marc:subfield code="2">rdamedia</marc:subfield></marc:datafield><marc:datafield tag="338" ind1=" " ind2=" "><marc:subfield code="a">online resource</marc:subfield><marc:subfield code="b">cr</marc:subfield><marc:subfield code="2">rdacarrier</marc:subfield></marc:datafield><marc:datafield tag="520" ind1=" " ind2=" "><marc:subfield code="a">First in a series of 9 watercolour paintings. In this painting a court lady in a kimono is seated indoors at a low red table, with a scroll in her left hand, upon which she has written her farewell poem: she is pallid, and her expression is preoccupied. Watercolour, 18th Century. Wellcome Library reference no.: Iconographic Collection 766666i    </marc:subfield></marc:datafield><marc:datafield tag="540" ind1=" " ind2=" "><marc:subfield code="a">Creative Commons Attribution only licence CC BY 4.0</marc:subfield></marc:datafield><marc:datafield tag="648" ind1=" " ind2="4"><marc:subfield code="a">18th century</marc:subfield></marc:datafield><marc:datafield tag="650" ind1=" " ind2="0"><marc:subfield code="a">Women.</marc:subfield><marc:subfield code="0">sh 85147274</marc:subfield></marc:datafield><marc:datafield tag="650" ind1=" " ind2="0"><marc:subfield code="a">Dead.</marc:subfield><marc:subfield code="0">sh 85036024</marc:subfield></marc:datafield><marc:datafield tag="650" ind1=" " ind2="0"><marc:subfield code="a">Death</marc:subfield><marc:subfield code="x">Religious aspects</marc:subfield><marc:subfield code="x">Buddhism.</marc:subfield><marc:subfield code="0">sh2008102075</marc:subfield></marc:datafield><marc:datafield tag="651" ind1=" " ind2="0"><marc:subfield code="a">Japan.</marc:subfield><marc:subfield code="0">n  78089021</marc:subfield></marc:datafield><marc:datafield tag="700" ind1="1" ind2=" "><marc:subfield code="a">Ono, Komachi,</marc:subfield><marc:subfield code="d">active 9th century.</marc:subfield><marc:subfield code="0">n  81108459</marc:subfield></marc:datafield><marc:datafield tag="759" ind1=" " ind2=" "><marc:subfield code="a">digforensics</marc:subfield></marc:datafield><marc:datafield tag="773" ind1="0" ind2=" "><marc:subfield code="t">Kusōzu: the death of a noble lady and the decay of her body</marc:subfield><marc:subfield code="w">(UkLW)b17666661</marc:subfield></marc:datafield><marc:datafield tag="907" ind1=" " ind2=" "><marc:subfield code="a">.b24387319</marc:subfield><marc:subfield code="b">05-03-15</marc:subfield><marc:subfield code="c">05-03-15</marc:subfield></marc:datafield><marc:datafield tag="998" ind1=" " ind2=" "><marc:subfield code="a">digi</marc:subfield><marc:subfield code="b">05-03-15</marc:subfield><marc:subfield code="c">m</marc:subfield><marc:subfield code="d">q</marc:subfield><marc:subfield code="e">n</marc:subfield><marc:subfield code="f">zxx</marc:subfield><marc:subfield code="g">xx </marc:subfield><marc:subfield code="h">0</marc:subfield><marc:subfield code="i">0</marc:subfield></marc:datafield><marc:datafield tag="945" ind1=" " ind2=" "><marc:subfield code="a">L0070288</marc:subfield></marc:datafield></marc:record>
</marc:collection>
